@inproceedings{caragiannis2016unreasonable,
  title={The unreasonable fairness of maximum Nash welfare},
  author={Caragiannis, Ioannis and Kurokawa, David and Moulin, Herv{\'e} and Procaccia, Ariel D and Shah, Nisarg and Wang, Junxing},
  booktitle={Proceedings of the 2016 ACM Conference on Economics and Computation},
  pages={305--322},
  year={2016},
  organization={ACM}
}






% Old stuff after this line

@inproceedings{perozzi2014deepwalk,
  title={Deepwalk: Online learning of social representations},
  author={Perozzi, Bryan and Al-Rfou, Rami and Skiena, Steven},
  booktitle={Proceedings of the 20th ACM SIGKDD international conference on Knowledge discovery and data mining},
  pages={701--710},
  year={2014},
  organization={ACM}
}

@article{chen2018tutorial,
  title={A tutorial on network embeddings},
  author={Chen, Haochen and Perozzi, Bryan and Al-Rfou, Rami and Skiena, Steven},
  journal={arXiv preprint arXiv:1808.02590},
  year={2018}
}

@inproceedings{qiu2018deepinf,
  title={DeepInf: Social Influence Prediction with Deep Learning},
  author={Qiu, Jiezhong and Tang, Jian and Ma, Hao and Dong, Yuxiao and Wang, Kuansan and Tang, Jie},
  booktitle={Proceedings of the 24th ACM SIGKDD International Conference on Knowledge Discovery \& Data Mining},
  pages={2110--2119},
  year={2018},
  organization={ACM}
}

@article{liben2007link,
  title={The link-prediction problem for social networks},
  author={Liben-Nowell, David and Kleinberg, Jon},
  journal={Journal of the American society for information science and technology},
  volume={58},
  number={7},
  pages={1019--1031},
  year={2007},
  publisher={Wiley Online Library}
}

@inproceedings{grover2016node2vec,
  title={node2vec: Scalable feature learning for networks},
  author={Grover, Aditya and Leskovec, Jure},
  booktitle={Proceedings of the 22nd ACM SIGKDD international conference on Knowledge discovery and data mining},
  pages={855--864},
  year={2016},
  organization={ACM}
}

@inproceedings{kempe2003maximizing,
  title={Maximizing the spread of influence through a social network},
  author={Kempe, David and Kleinberg, Jon and Tardos, {\'E}va},
  booktitle={Proceedings of the ninth ACM SIGKDD international conference on Knowledge discovery and data mining},
  pages={137--146},
  year={2003},
  organization={ACM}
}

@article{abebe2018opinion,
  title={Opinion dynamics with varying susceptibility to persuasion},
  author={Abebe, Rediet and Kleinberg, Jon and Parkes, David and Tsourakakis, Charalampos E},
  journal={arXiv preprint arXiv:1801.07863},
  year={2018}
}

@article{albi2017opinion,
  title={Opinion dynamics on social networks},
  author={Albi, Giacomo},
  year={2017}
}

@article{acemoglu2011opinion,
  title={Opinion dynamics and learning in social networks},
  author={Acemoglu, Daron and Ozdaglar, Asuman},
  journal={Dynamic Games and Applications},
  volume={1},
  number={1},
  pages={3--49},
  year={2011},
  publisher={Springer}
}

@inproceedings{grover2016node2vec,
  title={node2vec: Scalable feature learning for networks},
  author={Grover, Aditya and Leskovec, Jure},
  booktitle={Proceedings of the 22nd ACM SIGKDD international conference on Knowledge discovery and data mining},
  pages={855--864},
  year={2016},
  organization={ACM}
}

@article{lawyer2015understanding,
  title={Understanding the influence of all nodes in a network},
  author={Lawyer, Glenn},
  journal={Scientific reports},
  volume={5},
  pages={8665},
  year={2015},
  publisher={Nature Publishing Group}
}

@inproceedings{harada2015forecasting,
  title={Forecasting high tide: Predicting times of elevated activity in online social media},
  author={Harada, Jimpei and Darmon, David and Girvan, Michelle and Rand, William},
  booktitle={Proceedings of the 2015 IEEE/ACM International Conference on Advances in Social Networks Analysis and Mining 2015},
  pages={504--507},
  year={2015},
  organization={ACM}
}

@article{islamdeepdiffuse,
  title={DeepDiffuse: Predicting the ‘Who’and ‘When’in Cascades},
  author={Islam, Mohammad Raihanul and Muthiah, Sathappan and Adhikari, Bijaya and Prakash, B Aditya and Ramakrishnan, Naren and Center, Discovery Analytics}
}

